% ------------------------------------------------------------------------
% BIBLIOGRAPHY FILE
% ------------------------------------------------------------------------
% Webstranka, manual, podobne nezoraditelne veci
 
  @MISC{VL6180X,
  author =       {{STMicroelectronics}},
  title =        {VL6180X - Proximity and ambient light sensing module},
  howpublished = {Online.},
  year =         {2016},
  note =         {21.4.2022,\url{https://invensense.tdk.com/wp-content/uploads/2015/02/MPU-6000-Datasheet1.pdf}},
}
 
   @MISC{MPU6050,
  author =       {{InvenSense Inc.}},
  title =        {MPU-6000 and MPU-6050 Product Specification Revision 3.4},
  howpublished = {Online.},
  year =         {2013},
  note =         {21.4.2022,\url{https://invensense.tdk.com/wp-content/uploads/2015/02/MPU-6000-Datasheet1.pdf}},
}

  @MISC{LDO,
  author =       {{STMicroelectronics}},
  title =        {ST732 Datasheet},
  howpublished = {Online.},
  year =         {2021},
  note =         {28.4.2022,\url{https://www.mouser.sk/ProductDetail/STMicroelectronics/ST732M28R?qs=MLItCLRbWsxtXiiWQqtIMw%3D%3D}},
}
 
 @MISC{MatlabRECURSIVE2014,
  author =       {{The Mathworks}},
  title =        {Documentation Center, System Identification Toolbox, Linear Model Identification, Input-Output Polynomial Models, Algorithms for Recursive Estimation},
  howpublished = {User's manual. Online.},
  year =         {2014},
  note =         {3.7.2014 },
}


% Kniha
@Book{Eykhoff84,
  author    = {P. Eykhoff},
  title     = {System identification},
  publisher = {Willey and Sons},
  year      = {1984},
  address   = {London},
  ISBN      = {},
}

%Clanok v casopise
@ARTICLE{Far90,
  author =       {J. Farison and S. Kolla},
  title =        {Asymptotic stability for class of linear discrete systems with bounded uncertainties - comment},
  journal =      {IEEE Trans. of Auto Cont.},
  year =         {1990},
  volume =       {35},
  number = 	{2},
  pages =        {382-384},
}

%Konferencny clanok (v zborniku)
@INPROCEEDINGS{,
  author =       {F. A. C. C. Fontes},
  title =        {Overview of nonlinear model predictive control schemes leading
                  to stability},
  booktitle =    {Proceedings of CONTROLO 2000 - 4th Portugalese conference
                  on automatic control},
  year =         {2000},
  address =      {Guimar\~{a}es, Portugal},
  month =        {October},
}

% Doktorandska praca
@PHDTHESIS{Guy99,
  author =       {T. V. Guy},
  title =        {Hybrid adaptive controller},
  school =       {Czech Technical University in Prague, Faculty of Electrical Engineering},
  year =         {1999},
  address =      {Prague, Czech republic},
  month =        {April},
}

% Technicka sprava
@TECHREPORT{Karny80,
  AUTHOR =       {M. K\'{a}rn\'{y}},
  TITLE =        {Algoritmus identifikace a vyp\'{i}nan\'{i}},
  INSTITUTION =  {UTIA \v{C}SAV},
  YEAR =         {1980},
  type =         {Zpr\'{a}va},
  number =       {9999}
}

% V zbierke, a serie knih
@INCOLLECTION{Qin99,
  author =       {S. J. Qin and T. A. Badgwell},
  title =        {An Overview of Nonlinear Model Predictive Control Applications},
  booktitle =    {Nonlinear Model Predictive Control},
  publisher =    {Birkhauser Verlag},
  year =         {1999},
  editor =       {F. Allg\"{o}wer},
  pages  =       {369-392},
  address =      {Switzerland},
}